@article{benisek,
author = {Benisek, Artur and Dachs, Edgar},
year = {2015},
month = {05},
pages = {585-590},
title = {The vibrational and configurational entropy of disordering in Cu3Au},
volume = {2015},
journal = {Journal of Alloys and Compounds},
doi = {10.1016/j.jallcom.2014.12.215}
}

@article{paras,
author = {Paras, J. and Allanore, Antoine},
year = {2021},
month = {06},
pages = {},
title = {Contribution of electronic entropy to the order-disorder transition of Cu3Au},
volume = {3},
journal = {Physical Review Research},
doi = {10.1103/PhysRevResearch.3.023239}
}

@book{inorg,
author = {Mark Weller and Tina Overton and Jonathan Rourke},
publisher = {OUP Oxford},
title = {Inorganic Chemistry},
year = {2018}
}

@article{okamoto,
  author          = {H. Okamoto},
  journal         = {Journal of Phase Equilibria},
  title           = {The Au$-$Cu (Gold-Copper) system},
  volume          = {8},
  month={10},
  pages={454-474},
  year            = {1987},
  doi={10.1007/BF02893155}  
}
